@article{Pearson1905The,
  title={The Problem of the Random Walk},
  author={Pearson, Karl},
  journal={Nature},
  volume={72},
  number={1865},
  pages={294},
  year={1905},
}
@article{Page1998The,
  title={The PageRank citation ranking : Bringing order to the web},
  author={Page, L},
  journal={Stanford Digital Libraries Working Paper},
  volume={9},
  number={1},
  pages={1-14},
  year={1998},
}
@article{Kleinberg1999Authoritative,
  title={Authoritative sources in a hyperlinked environment},
  author={Kleinberg, Jon M.},
  journal={Journal of the Acm},
  volume={46},
  number={5},
  pages={604-632},
  year={1999},
}
@book{Haveliwala2003Topic,
  title={Topic-sensitive PageRank: A context-sensitive ranking algorithm for Web search},
  author={Haveliwala, T. H.},
  publisher={IEEE Educational Activities Department},
  pages={784-796},
  year={2003},
}
@article{fouss2005a,
title={A Novel Way of Computing Similarities between Nodes of a Graph, with Application to Collaborative Recommendation},
author={Fouss, Francois and Pirotte, Alain and Saerens, Marco},
journal={web intelligence},
pages={550--556},
year={2005}}
@article{brand2005a,
title={A Random Walks Perspective on Maximizing Satisfaction and Profit.},
author={Brand, Matthew},
pages={12--19},
year={2005}}
@article{woodruff2000enhancing,
title={Enhancing a digital book with a reading recommender},
author={Woodruff, Allison and Gossweiler, Rich and Pitkow, James E and Chi, Ed H and Card, Stuart K},
pages={153--160},
year={2000}}
@article{mcnee2002on,
title={On the recommending of citations for research papers},
author={Mcnee, Sean M and Albert, Istvan and Cosley, Dan and Gopalkrishnan, Prateep and Lam, Shyong K and Rashid, Al Mamunur and Konstan, Joseph A and Riedl, John},
journal={conference on computer supported cooperative work},
pages={116--125},
year={2002}}
@article{gori2006research,
title={Research Paper Recommender Systems: A Random-Walk Based Approach},
author={Gori, Marco and Pucci, Augusto},
journal={web intelligence},
pages={778--781},
year={2006}}
@article{vonluxburg2007a,
title={A tutorial on spectral clustering},
author={Von Luxburg, Ulrike},
journal={Statistics and Computing},
volume={17},
number={4},
pages={395-416},
year={2007}}
@ARTICLE{1704833, 
author={L. Grady}, 
journal={IEEE Transactions on Pattern Analysis and Machine Intelligence}, 
title={Random Walks for Image Segmentation}, 
year={2006}, 
volume={28}, 
number={11}, 
pages={1768-1783}, 
keywords={graph theory;image segmentation;combinatorial analogues;discrete potential theory;graph theory;image segmentation;interactive segmentation;prelabeled pixels;Circuits;Electric potential;Graph theory;Image segmentation;Iterative algorithms;Laplace equations;Pixel;Probability;Sparse matrices;Symmetric matrices;Image segmentation;Laplace equation;boundary completion.;combinatorial Dirichlet problem;graph cuts;graph theory;harmonic functions;interactive segmentation;random walks;Algorithms;Artificial Intelligence;Image Enhancement;Image Interpretation, Computer-Assisted;Information Storage and Retrieval;Models, Statistical;Pattern Recognition, Automated;Reproducibility of Results;Sensitivity and Specificity}, 
doi={10.1109/TPAMI.2006.233}, 
ISSN={0162-8828}, 
month={Nov},}
@article{qiu2005image,
title={Image Segmentation using Commute Times.},
author={Qiu, Huaijun and Hancock, Edwin R},
year={2005}}
@article{zhu2003semi-supervised,
title={Semi-supervised learning using Gaussian fields and harmonic functions},
author={Zhu, Xiaojin and Ghahramani, Zoubin and Lafferty, John D},
pages={912--919},
year={2003}}
@article{szummer2002partially,
title={Partially labeled classification with Markov random walks},
author={Szummer, Martin and Jaakkola, Tommi S},
volume={14},
pages={945--952},
year={2002}}
@article{azran2007the,
title={The rendezvous algorithm: multiclass semi-supervised learning with Markov random walks},
author={Azran, Arik},
pages={49--56},
year={2007}}
    
@article{tishby2001data,
title={Data Clustering by Markovian Relaxation and the Information Bottleneck Method},
author={Tishby, Naftali and Slonim, Noam},
pages={640--646},
year={2001}}
@article{Aldous1999Reversible,
  title={Reversible Markov Chains and Random Walks on Graphs},
  author={Aldous, D. J. and Fill, James},
  journal={Journal of Theoretical Probability},
  volume={2},
  number={1},
  pages={91-100},
  year={1999},
}
@article{Meila2001A,
  title={A random walks view of spectral segmentation. AISTATS},
  author={Meila, M. and Shi, J.},
  journal={Ai \& Statistics},
  year={2001},
}
@article{Page1998The,
  title={The PageRank citation ranking : Bringing order to the web},
  author={Page, L},
  journal={Stanford Digital Libraries Working Paper},
  volume={9},
  number={1},
  pages={1-14},
  year={1998},
}
@inproceedings{Kamvar2003Extrapolation,
  title={Extrapolation methods for accelerating PageRank computations},
  author={Kamvar, Sepandar D. and Haveliwala, Taher H. and Manning, Christopher D. and Golub, Gene H.},
  booktitle={International Conference on World Wide Web},
  pages={261-270},
  year={2003},
}
@inproceedings{Kleinberg1998Authoritative,
  title={Authoritative sources in a hyperlinked environment},
  author={Kleinberg, Jon M.},
  booktitle={SODA '98 : Proceedings of the Ninth Acm-Siam Symposium on Discrete Algorithms, Philadelphia, Pa, Usa},
  pages={604-632},
  year={1998},
}
@book{Langville2011Google,
  title={Google's PageRank and Beyond: The Science of Search Engine Rankings},
  author={Langville, Amy N. and Meyer, Carl D.},
  publisher={Princeton University Press},
  pages={68-69},
  year={2011},
}
@book{Sarkar2011Random,
  title={Random Walks in Social Networks and their Applications: A Survey},
  author={Sarkar, Purnamrita and Moore, Andrew W.},
  publisher={Springer US},
  pages={43-77},
  year={2011},
}
@article{Aldous2002Reversible,
  title={Reversible Markov Chains and Random Walks on Graphs-Chapter 9: A Second Look at General Markov Chains},
  author={Aldous, David and Fill, James Allen},
  year={2002},
}
@article{Lov1993Random,
  title={Random Walks on Graphs: A Survey},
  author={Lovász, László and Lov, L. and Erdos, Of Paul},
  journal={Combinatorics},
  volume={8},
  number={4},
  pages={1-46},
  year={1993},
}
@article{Gorelick2006Shape,
  title={Shape Representation and Classification Using the Poisson Equation},
  author={Gorelick, Lena and Galun, Meirav and Sharon, Eitan and Basri, Ronen and Brandt, Achi},
  journal={IEEE Transactions on Pattern Analysis \& Machine Intelligence},
  volume={28},
  number={12},
  pages={1991-2005},
  year={2006},
}
@article{Meila2001A,
  title={A random walks view of spectral segmentation. AISTATS},
  author={Meila, M. and Shi, J.},
  journal={Ai \& Statistics},
  year={2001},
}
@article{Grady2006Random,
  title={Random walks for image segmentation},
  author={Grady, L},
  journal={IEEE Transactions on Pattern Analysis \& Machine Intelligence},
  volume={28},
  number={11},
  pages={1768-1783},
  year={2006},
}
@inproceedings{Mcnee2002On,
  title={On the recommending of citations for research papers},
  author={Mcnee, Sean M. and Albert, Istvan and Dan, Cosley and Gopalkrishnan, Prateep and Lam, Shyong K. and Rashid, Al Mamunur and Konstan, Joseph A. and Riedl, John},
  booktitle={Cscw02, P},
  pages={116-125},
  year={2002},
}
@inproceedings{Gori2007Research,
  title={Research Paper Recommender Systems: A Random-Walk Based Approach},
  author={Gori, Marco and Pucci, Augusto},
  booktitle={Ieee/wic/acm International Conference on Web Intelligence},
  pages={778-781},
  year={2007},
}
@article{Xia2016Scientific,
  title={Scientific Article Recommendation: Exploiting Common Author Relations and Historical Preferences},
  author={Xia, Feng and Liu, Haifeng and Lee, Ivan and Cao, Longbing},
  journal={IEEE Transactions on Big Data},
  volume={2},
  number={2},
  pages={101-112},
  year={2016},
}
@article{Brand2005A,
  title={A Random Walks Perspective on Maximizing Satisfaction and Profit},
  author={Brand, Matthew},
  journal={SDM},
  year={2005},
}
@inproceedings{Resnick1994GroupLens,
  title={GroupLens:an open architecture for collaborative filtering of netnews},
  author={Resnick, Paul and Iacovou, Neophytos and Suchak, Mitesh and Bergstrom, Peter and Riedl, John},
  booktitle={ACM Conference on Computer Supported Cooperative Work},
  pages={175-186},
  year={1994},
}
@article{Zhu2003Semi,
  title={Semi-supervised learning using Gaussian fields and harmonic functions},
  author={Zhu, X},
  journal={Proc Icml},
  pages={912-919},
  year={2003},
}
@inproceedings{Szummer2001Partially,
  title={Partially labeled classification with Markov random walks},
  author={Szummer, Martin and Jaakkola, Tommi},
  booktitle={International Conference on Neural Information Processing Systems: Natural and Synthetic},
  pages={945-952},
  year={2001},
}
@inproceedings{Tishby2000Data,
  title={Data clustering by Markovian relaxation and the information bottleneck method},
  author={Tishby, Naftali and Slonim, Noam},
  booktitle={International Conference on Neural Information Processing Systems},
  pages={368--377},
  year={2000},
}
@inproceedings{Azran2007The,
  title={The rendezvous algorithm: multiclass semi-supervised learning with Markov random walks},
  author={Azran, Arik},
  booktitle={International Conference on Machine Learning},
  pages={49-56},
  year={2007},
}
@inproceedings{Szummer2001Partially,
  title={Partially labeled classification with Markov random walks},
  author={Szummer, Martin and Jaakkola, Tommi},
  booktitle={International Conference on Neural Information Processing Systems: Natural and Synthetic},
  pages={945-952},
  year={2001},
}
@article{Kempe2003Quantum,
  title={Quantum random walks: an introductory overview},
  author={Kempe, J.},
  journal={Contemporary Physics},
  volume={50},
  number={1},
  pages={339-359},
  year={2003},
}
@article{Feynman1965Quantum,
  title={Quantum mechanics and path integrals (International Series in Pure and Applied Physics)},
  author={Feynman, R. P. and Hibbs, A. R.},
  journal={Students Quarterly Journal},
  volume={37},
  number={145},
  year={1965},
}
@article{Meyer1996From,
  title={From quantum cellular automata to quantum lattice gases},
  author={Meyer, David A.},
  journal={Journal of Statistical Physics},
  volume={85},
  number={5-6},
  pages={551-574},
  year={1996},
}
@article{Meyer1996On,
  title={On the absence of homogeneous scalar unitary cellular automata},
  author={Meyer, David A},
  journal={Physics Letters A},
  volume={223},
  number={5},
  pages={337-340},
  year={1996},
}
@article{Farhi1997Quantum,
  title={Quantum computation and decision trees},
  author={Farhi, Edward and Gutmann, Sam},
  journal={Phys.rev.a},
  volume={58},
  number={2},
  pages={915-928},
  year={1997},
}
@article{Kempe2003Quantum,
  title={Quantum random walks: an introductory overview},
  author={Kempe, J.},
  journal={Contemporary Physics},
  volume={50},
  number={1},
  pages={339-359},
  year={2003},
}
@article{Elliott2004The,
  title={The DARPA Quantum Network},
  author={Elliott, Chip},
  year={2004},
}
@inproceedings{Peev2009The,
  title={The SECOQC Quantum-Key-Distribution Network in Vienna},
  author={Peev, Momtchil and Länger, Thomas and Lorünser, Thomas and Happe, Andreas and Maurhart, Oliver and Poppe, Andreas and Themel, Thomas},
  booktitle={Optical Fiber Communication - incudes post deadline papers, 2009. OFC 2009. Conference on},
  pages={OThL2},
  year={2009},
}
@inproceedings{Fujiwara2011Field,
  title={Field demonstration of quantum key distribution in the Tokyo QKD Network},
  author={Fujiwara, M and Ishizuka, H and Miki, S and Yamashita, T},
  booktitle={Quantum Electronics Conference \& Lasers and Electro-Optics},
  pages={507-509},
  year={2011},
}
@article{Stucki2011Long,
  title={Long term performance of the SwissQuantum quantum key distribution network in a field environment},
  author={Stucki, D. and Legre, M. and Buntschu, F. and Clausen, B. and Felber, N. and Gisin, N. and Henzen, L. and Junod, P. and Litzistorf, G. and Monbaron, P.},
  journal={New Journal of Physics},
  volume={13},
  number={12},
  pages={123001-123018(18)},
  year={2011},
}
@inproceedings{Lancho2009QKD,
  title={QKD in Standard Optical Telecommunications Networks},
  author={Lancho, D. and Martinez, J. and Elkouss, D. and Soto, M. and Martin, V.},
  booktitle={International Conference on Quantum Comunication and Quantum Networking},
  pages={142-149},
  year={2009},
}
@article{langer2009standardization,
title={Standardization of quantum key distribution and the ETSI standardization initiative ISG-QKD},
author={Langer, T and Lenhart, Gaby},
journal={New Journal of Physics},
volume={11},
number={5},
pages={055051},
year={2009}}
@article{paparo2012google,
title={Google in a Quantum Network},
author={Paparo, G D and Martindelgado, M A},
journal={Scientific Reports},
volume={2},
number={1},
pages={444--444},
year={2012}}
@book{Richter2008Quantization,
  title={Quantization of Markov Chains},
  author={Richter, Peter and Szegedy, Mario},
  publisher={Springer US},
  pages={1-99},
  year={2008},
}
@article{paparo2013quantum,
title={Quantum Google in a Complex Network},
author={Paparo, G D and Mueller, M and Comellas, F and Martindelgado, M A},
journal={Scientific Reports},
volume={3},
number={1},
pages={2773--2773},
year={2013}}
@article{buhrman2000quantum,
title={Quantum Algorithms for Element Distinctness},
author={Buhrman, Harry and Durr, Christoph and Heiligman, Mark and Hoyer, Peter and Magniez, Frederic and Santha, Miklos and De Wolf, Ronald},
journal={Journal of Applied Physics},
year={2000}}
@article{brassard2000quantum,
title={Quantum Amplitude Amplification and Estimation},
author={Brassard, Gilles and Hoyer, Peter and Mosca, Michele and Tapp, Alain},
journal={arXiv: Quantum Physics},
year={2000}}
@article{grover1996a,
title={A fast quantum mechanical algorithm for database search},
author={Grover, Lov K},
journal={symposium on the theory of computing},
pages={212--219},
year={1996}}
@inproceedings{Adomavicius2008Recommendation,
  title={Recommendation Technologies: Survey of Current Methods and Possible Extensions},
  author={Adomavicius, Gediminas and Tuzhilin, Alexander},
  year={2008},
}
@inproceedings{Qiu2005Image,
  title={Image Segmentation using Commute Times},
  author={Qiu, Huaijun and Hancock, Edwin R.},
  booktitle={British Machine Vision Conference 2005, Oxford, Uk, September},
  pages={929-938},
  year={2005},
}
@book{Qiu2006Robust,
  title={Robust Multi-body Motion Tracking Using Commute Time Clustering},
  author={Qiu, Huaijun and Hancock, Edwin R.},
  publisher={Springer Berlin Heidelberg},
  pages={160-173},
  year={2006},
}
@book{Qiu2006Robust,
  title={Robust Multi-body Motion Tracking Using Commute Time Clustering},
  author={Qiu, Huaijun and Hancock, Edwin R.},
  publisher={Springer Berlin Heidelberg},
  pages={160-173},
  year={2006},
}
@inproceedings{Adar2003Friends,
  title={Friends and neighbors on the web},
  author={Adar, Lada A. Adamic, Eytan},
  booktitle={Social Networks},
  pages={211--230},
  year={2003},
}
@article{Katz1953A,
  title={A new status index derived from sociometric analysis},
  author={Katz, Leo},
  journal={Psychometrika},
  volume={18},
  number={1},
  pages={39-43},
  year={1953},
}
@book{Liben2007The,
  title={The link-prediction problem for social networks},
  author={Liben-Nowell, David and Kleinberg, Jon},
  publisher={John Wiley \& Sons, Inc.},
  pages={1019-1031},
  year={2007},
}
@book{Crnic1983Introduction,
  title={Introduction to Modern Information Retrieval},
  author={Crnic, Josipa},
  publisher={McGraw-Hill,},
  pages={305-306},
  year={1983},
}
@inproceedings{Broder2002On,
  title={On the resemblance and containment of documents},
  author={Broder, A},
  booktitle={Compression and Complexity of Sequences 1997. Proceedings},
  pages={21},
  year={2002},
}
@book{Bloom1970Space,
  title={Space/time trade-offs in hash coding with allowable errors},
  author={Bloom, Burton H},
  publisher={ACM},
  pages={422-426},
  year={1970},
}
@article{Broder2000Min,
  title={Min-Wise Independent Permutations},
  author={Broder, Andrei Z and Charikar, Moses and Frieze, Alan M and Mitzenmacher, Michael},
  journal={Journal of Computer \& System Sciences},
  volume={60},
  number={3},
  pages={630-659},
  year={2000},
}
@inproceedings{Najork2008Efficient,
  title={Efficient and effective link analysis with precomputed salsa maps},
  author={Najork, Marc and Craswell, Nick},
  booktitle={ACM Conference on Information and Knowledge Management},
  pages={53-62},
  year={2008},
}
@inproceedings{Najork2009Less,
  title={Less is more: sampling the neighborhood graph makes SALSA better and faster},
  author={Najork, Marc and Gollapudi, Sreenivas and Panigrahy, Rina},
  booktitle={ACM International Conference on Web Search and Data Mining},
  pages={242-251},
  year={2009},
}
@book{Liben2007The,
  title={The link-prediction problem for social networks},
  author={Liben-Nowell, David and Kleinberg, Jon},
  publisher={John Wiley \& Sons, Inc.},
  pages={1019-1031},
  year={2007},
}
@article{Katz1953A,
  title={A new status index derived from sociometric analysis},
  author={Katz, Leo},
  journal={Psychometrika},
  volume={18},
  number={1},
  pages={39-43},
  year={1953},
}
@article{Sarkar2012A,
  title={A Tractable Approach to Finding Closest Truncated-commute-time Neighbors in Large Graphs},
  author={Sarkar, Purnamrita and Moore, Andrew},
  journal={Proc Uai},
  year={2012},
}
@article{Liu2017Inferring,
  title={Inferring microRNA-disease associations by random walk on a heterogeneous network with multiple data sources},
  author={Liu, Yuansheng and Zeng, Xiangxiang and He, Zengyou and Quan, Zou},
  journal={IEEE/ACM Transactions on Computational Biology \& Bioinformatics},
  volume={PP},
  number={99},
  pages={1-1},
  year={2017},
}
@article{Venegas2012Quantum,
  title={Quantum walks: A comprehensive review},
  author={Venegas-Andraca, Salvador},
  journal={Quantum Information Processing},
  volume={11},
  number={5},
  pages={1015-1106},
  year={2012},
}
@article{Aharonov1993Quantum,
  title={Quantum random walks},
  author={Aharonov, Y. and Davidovich, L. and Zagury, N.},
  journal={Physical Review A},
  volume={48},
  number={2},
  pages={1687},
  year={1993},
}
@article{Kempe2003Quantum,
  title={Quantum random walks: an introductory overview},
  author={Kempe, J.},
  journal={Contemporary Physics},
  volume={50},
  number={1},
  pages={339-359},
  year={2003},
}
@article{Brun2002Quantum,
  title={Quantum to classical transition for random walks},
  author={Brun, Todd A. and Carteret, Hilary A. and Ambainis, Andris},
  journal={Physical Review Letters},
  volume={91},
  number={13},
  pages={130602},
  year={2002},
}
@book{Sarkar2011Random,
  title={Random Walks in Social Networks and their Applications: A Survey},
  author={Sarkar, Purnamrita and Moore, Andrew W.},
  publisher={Springer US},
  pages={43-77},
  year={2011},
}
@article{Spitzer1976Principles,
  title={Principles of Random Walk. (ZZ)},
  author={Spitzer, Frank},
  journal={Springer Verlag Gmbh},
  year={1976},
}
@article{Rudnick2004Elements,
  title={Elements of the Random Walk},
  author={Rudnick, Joseph and Gaspari, George},
  journal={Contemporary Physics},
  volume={46},
  number={2},
  pages={147-148},
  year={2004},
}
@article{Weiss1994Aspects,
  title={Aspects and Applications of the Random Walk},
  author={Weiss, George H.},
  year={1994},
}
@article{Hughes1998Random,
  title={Random Walks and Random Environments, Vol. 1: Random Walks},
  author={Hughes, B. D.},
  journal={Biometrics},
  volume={54},
  number={3},
  pages={1675-1677},
  year={1998},
}
@article{Venegas2012Quantum,
  title={Quantum walks: A comprehensive review},
  author={Venegas-Andraca, Salvador},
  journal={Quantum Information Processing},
  volume={11},
  number={5},
  pages={1015-1106},
  year={2012},
}
@article{Lov1993Random,
  title={Random Walks on Graphs: A Survey},
  author={Lovász, László and Lov, L. and Erdos, Of Paul},
  journal={Combinatorics},
  volume={8},
  number={4},
  pages={1-46},
  year={1993},
}
@article{Lempel2001SALSA,
  title={SALSA:the stochastic approach for link-structure analysis},
  author={Lempel, R. and Moran, S.},
  journal={Acm Transactions on Information Systems},
  volume={19},
  number={2},
  pages={131-160},
  year={2001},
}
@inproceedings{Jeh2002SimRank,
  title={SimRank: a measure of structural-context similarity},
  author={Jeh, Glen and Widom, Jennifer},
  booktitle={Eighth ACM SIGKDD International Conference on Knowledge Discovery and Data Mining},
  pages={538-543},
  year={2002},
}
@article{D2005Towards,
  title={Towards Scaling Fully Personalized PageRank: Algorithms, Lower Bounds, and Experiments},
  author={Dániel   Fogaras and Balázs   Rácz and Károly   Csalogány and Tamás   Sarlós},
  journal={Internet Mathematics},
  volume={2},
  number={3},
  pages={333-358},
  year={2005},
}
@inproceedings{Kang2012Fast,
  title={Fast Random Walk Graph Kernel},
  author={Kang, U. and Tong, Hanghang and Sun, Jimeng},
  year={2012},
}
@inproceedings{Tong2006Fast,
  title={Fast Random Walk with Restart and Its Applications},
  author={Tong, Hanghang and Faloutsos, Christos and Pan, Jia Yu},
  booktitle={International Conference on Data Mining},
  pages={613-622},
  year={2006},
}
@book{Karypis1998A,
  title={A Fast and High Quality Multilevel Scheme for Partitioning Irregular Graphs},
  author={Karypis, George and Kumar, Vipin},
  publisher={Society for Industrial and Applied Mathematics},
  year={1998},
}
@article{Karypis1998Metis,
  title={Metis: a software package for partitioning unstructured graphs},
  author={Karypis, George and Kumar, Vipin},
  journal={International Cryogenics Monograph},
  pages={págs. 121-124},
  year={1998},
}
@inproceedings{Sarkar2010Fast,
  title={Fast nearest-neighbor search in disk-resident graphs},
  author={Sarkar, Purnamrita and Moore, Andrew W.},
  booktitle={ACM SIGKDD International Conference on Knowledge Discovery and Data Mining},
  pages={513-522},
  year={2010},
}
@inproceedings{Gori2007ItemRank,
  title={ItemRank: a random-walk based scoring algorithm for recommender engines},
  author={Gori, Marco and Pucci, Augusto},
  booktitle={International Joint Conference on Artifical Intelligence},
  pages={2766-2771},
  year={2007},
}
@book{Doyle1984Random,
  title={Random Walks and Electric Networks:},
  author={Doyle, Peter G. and Snell, J. Laurie},
  publisher={Mathematical Association of America},
  pages={595-599},
  year={1984},
}
@inproceedings{Ambainis2004Quantum,
  title={Quantum walk algorithm for element distinctness},
  author={Ambainis, Andris},
  booktitle={IEEE Symposium on Foundations of Computer Science},
  pages={22-31},
  year={2004},
}