@article{Pearson1905The,
  title={The Problem of the Random Walk},
  author={Pearson, Karl},
  journal={Nature},
  volume={72},
  number={1865},
  pages={294},
  year={1905},
}
@article{Page1998The,
  title={The PageRank citation ranking : Bringing order to the web},
  author={Page, L},
  journal={Stanford Digital Libraries Working Paper},
  volume={9},
  number={1},
  pages={1-14},
  year={1998},
}
@article{Kleinberg1999Authoritative,
  title={Authoritative sources in a hyperlinked environment},
  author={Kleinberg, Jon M.},
  journal={Journal of the Acm},
  volume={46},
  number={5},
  pages={604-632},
  year={1999},
}
@book{Haveliwala2003Topic,
  title={Topic-sensitive PageRank: A context-sensitive ranking algorithm for Web search},
  author={Haveliwala, T. H.},
  publisher={IEEE Educational Activities Department},
  pages={784-796},
  year={2003},
}
@article{fouss2005a,
title={A Novel Way of Computing Similarities between Nodes of a Graph, with Application to Collaborative Recommendation},
author={Fouss, Francois and Pirotte, Alain and Saerens, Marco},
journal={web intelligence},
pages={550--556},
year={2005}}
@article{brand2005a,
title={A Random Walks Perspective on Maximizing Satisfaction and Profit.},
author={Brand, Matthew},
pages={12--19},
year={2005}}
@article{woodruff2000enhancing,
title={Enhancing a digital book with a reading recommender},
author={Woodruff, Allison and Gossweiler, Rich and Pitkow, James E and Chi, Ed H and Card, Stuart K},
pages={153--160},
year={2000}}
@article{mcnee2002on,
title={On the recommending of citations for research papers},
author={Mcnee, Sean M and Albert, Istvan and Cosley, Dan and Gopalkrishnan, Prateep and Lam, Shyong K and Rashid, Al Mamunur and Konstan, Joseph A and Riedl, John},
journal={conference on computer supported cooperative work},
pages={116--125},
year={2002}}
@article{gori2006research,
title={Research Paper Recommender Systems: A Random-Walk Based Approach},
author={Gori, Marco and Pucci, Augusto},
journal={web intelligence},
pages={778--781},
year={2006}}
@article{von luxburg2007a,
title={A tutorial on spectral clustering},
author={Von Luxburg, Ulrike},
journal={Statistics and Computing},
volume={17},
number={4},
pages={395--416},
year={2007}}
@ARTICLE{1704833, 
author={L. Grady}, 
journal={IEEE Transactions on Pattern Analysis and Machine Intelligence}, 
title={Random Walks for Image Segmentation}, 
year={2006}, 
volume={28}, 
number={11}, 
pages={1768-1783}, 
keywords={graph theory;image segmentation;combinatorial analogues;discrete potential theory;graph theory;image segmentation;interactive segmentation;prelabeled pixels;Circuits;Electric potential;Graph theory;Image segmentation;Iterative algorithms;Laplace equations;Pixel;Probability;Sparse matrices;Symmetric matrices;Image segmentation;Laplace equation;boundary completion.;combinatorial Dirichlet problem;graph cuts;graph theory;harmonic functions;interactive segmentation;random walks;Algorithms;Artificial Intelligence;Image Enhancement;Image Interpretation, Computer-Assisted;Information Storage and Retrieval;Models, Statistical;Pattern Recognition, Automated;Reproducibility of Results;Sensitivity and Specificity}, 
doi={10.1109/TPAMI.2006.233}, 
ISSN={0162-8828}, 
month={Nov},}
@article{qiu2005image,
title={Image Segmentation using Commute Times.},
author={Qiu, Huaijun and Hancock, Edwin R},
year={2005}}
@article{zhu2003semi-supervised,
title={Semi-supervised learning using Gaussian fields and harmonic functions},
author={Zhu, Xiaojin and Ghahramani, Zoubin and Lafferty, John D},
pages={912--919},
year={2003}}
@article{szummer2002partially,
title={Partially labeled classification with Markov random walks},
author={Szummer, Martin and Jaakkola, Tommi S},
volume={14},
pages={945--952},
year={2002}}
@article{azran2007the,
title={The rendezvous algorithm: multiclass semi-supervised learning with Markov random walks},
author={Azran, Arik},
pages={49--56},
year={2007}}
    
@article{tishby2001data,
title={Data Clustering by Markovian Relaxation and the Information Bottleneck Method},
author={Tishby, Naftali and Slonim, Noam},
pages={640--646},
year={2001}}
    
    
    